@article{libert2015exposing,
  title={Exposing the Invisible Web: An Analysis of Third-Party HTTP Requests on 1 Million Websites},
  author={Libert, Timothy},
  journal={International Journal of Communication},
  volume={9},
  pages={18},
  year={2015}
}

@techreport{dnt,
  title={Tracking Preference Expression (DNT)},
  author={Roy T. Fielding, David Singer},
  group={W3C},
  year={2015},
  month={05}
}

@misc{mobile_usage,
  title={Number of Mobile-Only Internet Users Now Exceeds Desktop-Only in the U.S.},
  howpublished={\url{http://www.comscore.com/Insights/Blog/Number-of-Mobile-Only-Internet-Users-Now-Exceeds-Desktop-Only-in-the-U.S}},
  year={2015},
  month={04},
  day={28}
}

@misc{dnt_state_firefox,
  title={The state of do not track in Firefox},
  howpublished={\url{https://dnt-dashboard.mozilla.org/}}
}

@article{cisco_annual_security_report,
  title={Cisco Annual Security Report: Threats Step Out of the Shadows},
  howpublished={\url{https://newsroom.cisco.com/press-release-content?type=webcontent&articleId=1133334}},
  year={2013},
  month={01},
  day={30}
}

@article{nikiforakis,
  title={Browse at your own risk},
  author={Nikiforakis, Nick and Acar, Gunes},
  journal={Spectrum, IEEE},
  volume={51},
  number={8},
  pages={30--35},
  year={2014},
  publisher={IEEE}
}

@inproceedings{ruffel2015,
  title={Analyzing the Effectiveness of Privacy Related Add-Ons Employed to Thwart Web Based Tracking},
  author={Ruffell, Matthew and Hong, Jin B and Kim, Dong Seong},
  booktitle={Dependable Computing (PRDC), 2015 IEEE 21st Pacific Rim International Symposium on},
  pages={264--272},
  year={2015},
  organization={IEEE}
}

@inproceedings{pujol,
  title={Annoyed Users: Ads and Ad-Block Usage in the Wild},
  author={Pujol, Enric and Hohlfeld, Oliver and Feldmann, Anja},
  booktitle={Proceedings of the 2015 ACM Conference on Internet Measurement Conference},
  pages={93--106},
  year={2015},
  organization={ACM}
}

@inproceedings{mayer,
  title={Third-party web tracking: Policy and technology},
  author={Mayer, Jonathan R and Mitchell, John C},
  booktitle={Security and Privacy (SP), 2012 IEEE Symposium on},
  pages={413--427},
  year={2012},
  organization={IEEE}
}

@article{englehardt,
  title={Online tracking: A 1-million-site measurement and analysis Draft: May 18, 2016},
  author={Englehardt, Steven and Narayanan, Arvind}
}

@article{englehardt_open_wpm,
  title={Web privacy measurement: Scientific principles, engineering platform, and new results},
  author={Englehardt, Steven and Eubank, Christian and Zimmerman, Peter and Reisman, Dillon and Narayanan, Arvind},
  journal={Manuscript posted at http://randomwalker. info/publications/WebPrivacyMeasurement. pdf},
  year={2014}
}

@inproceedings{krishnamurthy,
  title={Cat and mouse: content delivery tradeoffs in web access},
  author={Krishnamurthy, Balachander and Wills, Craig E},
  booktitle={Proceedings of the 15th international conference on World Wide Web},
  pages={337--346},
  year={2006},
  organization={ACM}
}

@incollection{beymerl,
  title={An eye tracking study of how pictures influence online reading},
  author={Beymer, David and Orton, Peter Z and Russell, Daniel M},
  booktitle={Human-Computer Interaction--INTERACT 2007},
  pages={456--460},
  year={2007},
  publisher={Springer}
}

@inproceedings{krishnamurthy_privacy_diffusion,
  title={Privacy diffusion on the web: a longitudinal perspective},
  author={Krishnamurthy, Balachander and Wills, Craig},
  booktitle={Proceedings of the 18th international conference on World wide web},
  pages={541--550},
  year={2009},
  organization={ACM}
}

@article{mccoy,
  title={A study of the effects of online advertising: A focus on pop-up and in-line ads},
  author={McCoy, Scott and Everard, Andrea and Galletta, Dennis and Polak, Peter},
  journal={SIGHCI 2004 Proceedings},
  pages={11},
  year={2004}
}

@inproceedings{leon,
  title={Why Johnny can't opt out: a usability evaluation of tools to limit online behavioral advertising},
  author={Leon, Pedro and Ur, Blase and Shay, Richard and Wang, Yang and Balebako, Rebecca and Cranor, Lorrie},
  booktitle={Proceedings of the SIGCHI Conference on Human Factors in Computing Systems},
  pages={589--598},
  year={2012},
  organization={ACM}
}

@inproceedings{krishnamurthy_measuring_privacy_loss,
  title={Measuring privacy loss and the impact of privacy protection in web browsing},
  author={Krishnamurthy, Balachander and Malandrino, Delfina and Wills, Craig E},
  booktitle={Proceedings of the 3rd symposium on Usable privacy and security},
  pages={52--63},
  year={2007},
  organization={ACM}
}

@inproceedings{balebako,
  title={Measuring the effectiveness of privacy tools for limiting behavioral advertising},
  author={Balebako, Rebecca and Leon, Pedro and Shay, Richard and Ur, Blase and Wang, Yang and Cranor, L},
  year={2012},
  organization={Web}
}

@inproceedings{soltani,
  title={Flash Cookies and Privacy.},
  author={Soltani, Ashkan and Canty, Shannon and Mayo, Quentin and Thomas, Lauren and Hoofnagle, Chris Jay},
  booktitle={AAAI Spring Symposium: Intelligent Information Privacy Management},
  volume={2010},
  pages={158--163},
  year={2010}
}

@article{ayensonflash,
  title={Flash cookies and privacy ii: Now with html5 and etag respawning (2011)},
  author={Ayenson, M and Wambach, DJ and Soltani, A and Good, N and Hoofnagle, CJ},
  journal={TRUST (Team for Research in Ubiquitous Secure Technology)}
}

@inproceedings{privad,
  title={Privad: practical privacy in online advertising},
  author={Guha, Saikat and Cheng, Bin and Francis, Paul},
  booktitle={USENIX conference on Networked systems design and implementation},
  pages={169--182},
  year={2011}
}

@inproceedings{adnostic,
  title={Adnostic: Privacy preserving targeted advertising},
  author={Toubiana, Vincent and Narayanan, Arvind and Boneh, Dan and Nissenbaum, Helen and Barocas, Solon},
  booktitle={Proceedings Network and Distributed System Symposium},
  year={2010}
}

@article{nurikabe,
  title={Nurikabe: Private yet accountable targeted advertising},
  author={Levin, D and Bhattacharjee, B and Douceur, JR and Lorch, JR and Mickens, J and Moscibroda, T},
  journal={Under submission. Contact johndo@ microsoft. com for copy},
  year={2009}
}

@incollection{haddadi,
  title={Not all adware is badware: Towards privacy-aware advertising},
  author={Haddadi, Hamed and Guha, Saikat and Francis, Paul},
  booktitle={Software Services for e-Business and e-Society},
  pages={161--172},
  year={2009},
  publisher={Springer}
}

@incollection{juels,
  title={Targeted advertising... and privacy too},
  author={Juels, Ari},
  booktitle={Topics in Cryptology-CT-RSA 2001},
  pages={408--424},
  year={2001},
  publisher={Springer}
}

@incollection{androulaki,
  title={A secure and privacy-preserving targeted ad-system},
  author={Androulaki, Elli and Bellovin, Steven M},
  booktitle={Financial Cryptography and Data Security},
  pages={123--135},
  year={2010},
  publisher={Springer}
}

@inproceedings{butkiewicz,
  title={Understanding website complexity: measurements, metrics, and implications},
  author={Butkiewicz, Michael and Madhyastha, Harsha V and Sekar, Vyas},
  booktitle={Proceedings of the 2011 ACM SIGCOMM conference on Internet measurement conference},
  pages={313--328},
  year={2011},
  organization={ACM}
}

@inproceedings{leon_perceptions,
  title={Smart, useful, scary, creepy: perceptions of online behavioral advertising},
  author={Ur, Blase and Leon, Pedro Giovanni and Cranor, Lorrie Faith and Shay, Richard and Wang, Yang},
  booktitle={proceedings of the eighth symposium on usable privacy and security},
  pages={4},
  year={2012},
  organization={ACM}
}

@inproceedings{castelluccia,
  title={Betrayed by your ads!},
  author={Castelluccia, Claude and Kaafar, Mohamed-Ali and Tran, Minh-Dung},
  booktitle={Privacy Enhancing Technologies},
  pages={1--17},
  year={2012},
  organization={Springer}
}

@inproceedings{barford,
  title={Adscape: Harvesting and analyzing online display ads},
  author={Barford, Paul and Canadi, Igor and Krushevskaja, Darja and Ma, Qiang and Muthukrishnan, S},
  booktitle={Proceedings of the 23rd international conference on World wide web},
  pages={597--608},
  year={2014},
  organization={ACM}
}

@inproceedings{mikians,
  title={Detecting price and search discrimination on the internet},
  author={Mikians, Jakub and Gyarmati, L{\'a}szl{\'o} and Erramilli, Vijay and Laoutaris, Nikolaos},
  booktitle={Proceedings of the 11th ACM Workshop on Hot Topics in Networks},
  pages={79--84},
  year={2012},
  organization={ACM}
}

@article{datta,
  title={Automated experiments on Ad privacy settings},
  author={Datta, Amit and Tschantz, Michael Carl and Datta, Anupam},
  journal={Proceedings on Privacy Enhancing Technologies},
  volume={2015},
  number={1},
  pages={92--112},
  year={2015}
}

@inproceedings{ma,
  title={Beyond blacklists: learning to detect malicious web sites from suspicious URLs},
  author={Ma, Justin and Saul, Lawrence K and Savage, Stefan and Voelker, Geoffrey M},
  booktitle={Proceedings of the 15th ACM SIGKDD international conference on Knowledge discovery and data mining},
  pages={1245--1254},
  year={2009},
  organization={ACM}
}

@article{gugelmann,
  title={An Automated Approach for Complementing Ad Blockers' Blacklists},
  author={Gugelmann, David and Happe, Markus and Ager, Bernhard and Lenders, Vincent},
  journal={Proceedings on Privacy Enhancing Technologies},
  volume={2015},
  number={2},
  pages={282--298},
  year={2015}
}

@inproceedings{tran,
  title={Tracking the trackers: Fast and scalable dynamic analysis of web content for privacy violations},
  author={Tran, Minh and Dong, Xinshu and Liang, Zhenkai and Jiang, Xuxian},
  booktitle={Applied Cryptography and Network Security},
  pages={418--435},
  year={2012},
  organization={Springer}
}

@inproceedings{roesner,
  title={Detecting and defending against third-party tracking on the web},
  author={Roesner, Franziska and Kohno, Tadayoshi and Wetherall, David},
  booktitle={Proceedings of the 9th USENIX conference on Networked Systems Design and Implementation},
  pages={12--12},
  year={2012},
  organization={USENIX Association}
}

@article{kontaxis,
  title={Tracking protection in firefox for privacy and performance},
  author={Kontaxis, Georgios and Chew, Monica},
  journal={arXiv preprint arXiv:1506.04104},
  year={2015}
}

@inproceedings{mulazzani2013fast,
  title={Fast and reliable browser identification with javascript engine fingerprinting},
  author={Mulazzani, Martin and Reschl, Philipp and Huber, Markus and Leithner, Manuel and Schrittwieser, Sebastian and Weippl, Edgar and Wien, FC},
  booktitle={Web 2.0 Workshop on Security and Privacy (W2SP)},
  volume={5},
  year={2013}
}

@inproceedings{nikiforakis2012you,
  title={You are what you include: large-scale evaluation of remote javascript inclusions},
  author={Nikiforakis, Nick and Invernizzi, Luca and Kapravelos, Alexandros and Van Acker, Steven and Joosen, Wouter and Kruegel, Christopher and Piessens, Frank and Vigna, Giovanni},
  booktitle={Proceedings of the 2012 ACM conference on Computer and communications security},
  pages={736--747},
  year={2012},
  organization={ACM}
}

@article{mowery2011fingerprinting,
  title={Fingerprinting information in JavaScript implementations},
  author={Mowery, Keaton and Bogenreif, Dillon and Yilek, Scott and Shacham, Hovav},
  journal={Proceedings of W2SP},
  volume={2},
  year={2011}
}

@misc{pagefair_adblockers_mobile,
  title={2016 Mobile Adblocking Report},
  url={\url{https://pagefair.com/blog/2016/mobile-adblocking-report/}},
  year={2016},
  month={05},
  day={30}
}

@misc{pagefair_adblockers,
  title={The cost of ad blocking: PageFair and Adobe 2015 Ad Blocking Report},
  howpublished={\url{https://downloads.pagefair.com/wp-content/uploads/2016/05/2015_report-the_cost_of_ad_blocking.pdf}},
  year={2015}
}

@inproceedings{acar2014web,
  title={The web never forgets: Persistent tracking mechanisms in the wild},
  author={Acar, Gunes and Eubank, Christian and Englehardt, Steven and Juarez, Marc and Narayanan, Arvind and Diaz, Claudia},
  booktitle={Proceedings of the 2014 ACM SIGSAC Conference on Computer and Communications Security},
  pages={674--689},
  year={2014},
  organization={ACM}
}

@inproceedings{eckersley2010unique,
  title={How unique is your web browser?},
  author={Eckersley, Peter},
  booktitle={Privacy Enhancing Technologies},
  pages={1--18},
  year={2010},
  organization={Springer}
}

@article{mowery2012pixel,
  title={Pixel perfect: Fingerprinting canvas in HTML5},
  author={Mowery, Keaton and Shacham, Hovav},
  journal={Proceedings of W2SP},
  year={2012}
}

@misc{adblockplus,
  howpublished={\url{https://adblockplus.org/}}
}

@misc{adblock,
  howpublished={\url{https://getadblock.com/}}
}

@misc{admuncher,
  howpublished={\url{https://www.admuncher.com/}}
}

@misc{ghostery,
  howpublished={\url{https://www.ghostery.com/}}
}

@misc{adtrap,
  howpublished={\url{http://getadtrap.com/}}
}