@article{heilman2015eclipse,
  title={Eclipse Attacks on Bitcoin's Peer-to-Peer Network},
  author={E. Heilman and A. Kendler and A. Zohar and S. Goldberg},
  year={2015}
}

@article{biryukov2014bitcoin,
  title={Bitcoin over Tor isn't a good idea},
  author={Biryukov, Alex and Pustogarov, Ivan},
  journal={arXiv preprint arXiv:1410.6079},
  year={2014}
}

@misc{bitcoinextended,
  title     = "{Bitcoin XT}",
  note      = "{Available from: \url{https://github.com/bitcoinxt/bitcoinxt}}",
  year= 2015
}

@misc{bitcoinmarketcap,
  title     = "{Bitcoin market cap}",
  note      = "{Available from: \url{https://blockchain.info/charts/market-cap}}",
year= 2015
}

@misc{bitcoinblocksizeincrease,
  title     = "{Bitcoin block size increase - Twenty Megabytes testing results}",
  note      = "{Available from: \url{http://gavintech.blogspot.com/2015/01/twenty-megabytes-testing-results.html}}",
year= 2015
}

@article{DBLP:journals/corr/CourtoisB14,
  author    = {Nicolas T. Courtois and
               Lear Bahack},
  title     = {On Subversive Miner Strategies and Block Withholding Attack in Bitcoin
               Digital Currency},
  journal   = {CoRR},
  volume    = {abs/1402.1718},
  year      = {2014},
  url       = {http://arxiv.org/abs/1402.1718},
  timestamp = {Wed, 05 Mar 2014 14:43:44 +0100},
  biburl    = {http://dblp.uni-trier.de/rec/bib/journals/corr/CourtoisB14},
  bibsource = {dblp computer science bibliography, http://dblp.org}
}

@misc{bitcointps,
  title     = "{Bitcoin Scalability}",
  note      = "{Available from: \url{https://en.bitcoin.it/wiki/Scalability}}",
year= 2015
}

@misc{moreconnections,
  title     = "{How does one attain 1,000+ connections like blockchain.info?}",
  note      = "{Available from: \url{http://bitcoin.stackexchange.com/a/8140}}",
  year= 2015
}

@misc{bitcoinsybilattack,
  title     = "{Bitcoin Sybil attack}",
  note      = "{Available from: \url{https://en.bitcoin.it/wiki/Weaknesses#Sybil_attack}}",
year= 2015
}

@misc{visastresstest,
  title     = "{Stress Test Prepares VisaNet for the Most Wonderful Time of the Year}",
  note      = "{Available from: \url{http://www.visa.com/blogarchives/us/2013/10/10/stress-test-prepares-visanet-for-the-most-wonderful-time-of-the-year/index.html}}",
year= 2015
}

@misc{doublespending,
  title     = "{Double spending in Bitcoin}",
  note      = "{Available from: \url{https://medium.com/@octskyward/double-spending-in-bitcoin-be0f1d1e8008}}",
year= 2015
}

@inproceedings{BMCNKF15,
	title="{Research Perspectives and Challenges for Bitcoin and Cryptocurrencies}",
	url="http://www.jbonneau.com/doc/BMCNKF15-IEEESP-bitcoin.pdf",
	booktitle="2015 IEEE Symposium on Security and Privacy",
	author="Joseph Bonneau and Andrew Miller and Jeremy Clark and Arvind Narayanan and Joshua A. Kroll and Edward W. Felten",
	month="May",
	location="San Francisco, CA, USA",
	year="2015",
}

@misc{cloudmining,
  title     = "{Bitcoin cloud mining}",
  note      = "{Available from: \url{https://cex.io/cloud-mining}}",
  year= 2015
}

@incollection{eyal2014majority,
  title={Majority is not enough: Bitcoin mining is vulnerable},
  author={Eyal, Ittay and Sirer, Emin G{\"u}n},
  booktitle={Financial Cryptography and Data Security},
  pages={436--454},
  year={2014},
  publisher={Springer}
}
@misc{RH,
  title = {An Analysis of Anonymity in the Bitcoin System},
  author = {Fergal Reid and Martin Harrigan},
  url = \url{http://arxiv.org/abs/1107.4524v1},
  year = {2011}
}

@misc{bcsun,
	title = {The Rise of Namecoin},
 	author ={The Bitcoin Sun Blog},
	url = \url{http://thebitcoinsun.com/post/2011/06/07/The-Rise-of-Namecoin}
	}

@misc{bitcoin,
  author = "{S. Nakamoto}",
  title = "{Bitcoin: A Peer-to-Peer Electronic Cash System}",
year={2009}
  }

@misc{business,
  key       = {BitcoinTrade},
  title     = "{Trade - Bitcoin}",
  note      = "{Available from: \url{https://en.bitcoin.it/wiki/Trade}}",
year= 2013
}

@misc{exchanges,
  key       = {exchanges},
  title     = "{Bitcoin exchanges}",
  note      = "{Available from: \url{https://en.bitcoin.it/wiki/Exchanges}}",
year= 2013
}


@misc{ dos,
  key       = {BitcoinDoS},
  title     = "{Weaknesses - Bitcoin}",
  note      = "{Available from: \url{https://en.bitcoin.it/wiki/Weaknesses}}",
year= 2013
}

@inproceedings{Adi,
    author = {Dorit Ron and Adi Shamir},
    title = {Quantitative Analysis of the Full Bitcoin Transaction Graph},
    booktitle = {Proceedings of Financial Crypto 2013},
    year = {2013}
}



@inproceedings{Meiklejohn:2013:FBC:2504730.2504747,
 author = {Meiklejohn, Sarah and Pomarole, Marjori and Jordan, Grant and Levchenko, Kirill and McCoy, Damon and Voelker, Geoffrey M. and Savage, Stefan},
 title = {A Fistful of Bitcoins: Characterizing Payments Among Men with No Names},
 booktitle = {Proceedings of the 2013 Conference on Internet Measurement Conference},
 series = {IMC '13},
 year = {2013},
 isbn = {978-1-4503-1953-9},
 location = {Barcelona, Spain},
 pages = {127--140},
 numpages = {14},
 url = {http://doi.acm.org/10.1145/2504730.2504747},
 doi = {10.1145/2504730.2504747},
 acmid = {2504747},
 publisher = {ACM},
 address = {New York, NY, USA},
 keywords = {anonymity, bitcoin, measurement},
} 

@inproceedings{Karame:2012:DFP:2382196.2382292,
 author = {Karame, Ghassan O. and Androulaki, Elli and Capkun, Srdjan},
 title = {Double-spending fast payments in bitcoin},
 booktitle = {Proceedings of the 2012 ACM conference on Computer and communications security},
 series = {CCS '12},
 year = {2012},
 isbn = {978-1-4503-1651-4},
 location = {Raleigh, North Carolina, USA},
 numpages = {12},
 url = {http://doi.acm.org/10.1145/2382196.2382292},
 doi = {10.1145/2382196.2382292},
 acmid = {2382292},
 publisher = {ACM},
 address = {New York, NY, USA},
 keywords = {bitcoin, countermeasures, double-spending, fast payments},
} 
	
 @inproceedings{kunlink,
 title = "k-Unlinkability: A privacy protection model for distributed data",
 journal = "Data \& Knowledge Engineering ",
 year = "2008",
 note = "Fourth International Conference on Business Process Management (BPM 2006)",
author = "Bradley Malin",
}

@inproceedings{rationalzero,
 author = {Garman, Christina and Green, Matthew and Meiers, Ian and Rubin, Aviel},
 title = {Rational Zero: Economic Security for Zerocoin with Everlasting Anonymity},
 booktitle = {Financial Cryptography and Data Security Conference}, 
 year = {2014},
 } 

@inproceedings{AndroulakiTRUST14,
 author = {Androulaki, Elli and Karame, Ghassan},
 title = {Hiding Transaction Amounts and Balances in Bitcoin},
 booktitle = {Proceedings of International Conference on Trust \& Trustworthy Computing (TRUST)},
 year = {2014}
}

@incollection{unlinkcontx,
title={Attacking Unlinkability: The Importance of Context},
author={Franz, Matthias and Meyer, Bernd and Pashalidis, Andreas},
booktitle={Privacy Enhancing Technologies},
editor={Borisov, Nikita and Golle, Philippe},
year={2007}
}

@incollection{modelunl,
author={Steinbrecher, Sandra and Koepsell, Stefan},
year={2003},
booktitle={Privacy Enhancing Technologies},
editor={Dingledine, Roger},
title={Modelling Unlinkability},
}
@inproceedings{measuringanon,
  title = {Towards measuring anonymity},
  author = {Claudia Diaz and Stefaan Seys and Joris Claessens and Bart Preneel},
  booktitle = {Proceedings of Privacy Enhancing Technologies Workshop (PET 2002)},
  year = {2002}
 }


@misc{iso,
  key       = {ISO},
title = {ISO IS 15408},
year = {1999},
note = {\url{http://www.commoncriteria.org/}}
}

	
@inproceedings{fc14ipanon,
    author = {Philip Koshy and Diana Koshy and Patrick McDaniel},
    title = {An Analysis of Anonymity in Bitcoin Using P2P Network Traffic},
    booktitle = {Proceedings of Financial Crypto 2014},
    year = {2014}
}
	
@inproceedings{bitcoinprivacy,
    author = {Elli Androulaki and Ghassan Karame and Srdjan Capkun},
    title = {Evaluating User Privacy in Bitcoin},
    booktitle = {Financial Crypto 2013},
    year = {2013},
    note = {\url{http://eprint.iacr.org/2012/596.pdf}},
}
@misc{download,
	note = "Double Spending Fast Payments in Bitcoin , Available from \url{http://www.syssec.ethz.ch/research/Bitcoin}"
	}

@misc{ market,
  key       = {BitcoinCharts},
  title     = "{Bitcoin Charts}",
  note      = "{Available from: \url{http://bitcoincharts.com/}}",
year= 2013
}

@misc{ coinjoin,
  key       = {CoinJoin},
  title     = "{CoinJoin: Bitcoin privacy for the real world}",
  note      = "{Available from: \url{https://bitcointalk.org/index.php?topic=279249.0}}",
year= 2013
}

@misc{ link,
  key       = {BlockChain},
  title     = "{Bitcoin Double Spends}",
  note      = "{Available from: \url{http://blockchain.info/double-spends}}",
year= 2013
}



@inproceedings{bonneau2014mixcoin:fc,
    title = "{M}ixcoin: {A}nonymity for {B}itcoin with accountable mixes",
    author = "Joseph Bonneau and Arvind Narayanan and Andrew Miller and Jeremy Clark and Joshua A. Kroll and Edward W. Felten",
    booktitle = "{F}inancial {C}ryptography",
    location = "Barbados",
    year = 2014
}

@inproceedings{coinshuffle,
	author = {Ruffing, Tim and Moreno-Sanchez, Pedro and Kate, Aniket},
	title = {{CoinShuffle}: Practical Decentralized Coin Mixing for {Bitcoin}},
	booktitle = {ESORICS'14},
	booktitleaddon = {Proceedings of the 19th European Symposium on Research in Computer Security},
	eventdate = {2014-09-07/2014-09-11},
	eventtitle = {19th European Symposium on Research in Computer Security (ESORICS'14)},
	location = {Cham, Switzerland},
	pages = {345--364},
	publisher = {Springer},
	pubstate = {To appear},
	series = {Lecture Notes in Computer Science},
	venue = {Wroclaw, Poland},
	volume = {8713},
	year = {2014}
}

@inproceedings{zerocash,
  title = {Zerocash: Practical Decentralized Anonymous E-Cash from Bitcoin}, 
  author = {Eli Ben-Sasson and Alessandro Chiesa and Christina Garman and Matthew Green and
        Ian Miers and Eran Tromer and Madars Virza}, 
  booktitle = {Proceedings of the 2014 {IEEE} {S}ymposium on Security and Privacy}, 
  year = {2014}, 
  month = {May}, 
  publisher = {IEEE}, 
  www_tags = {selected}, 
  www_pdf_url = {http://zerocash-project.org/media/pdf/zerocash-extended-20140518.pdf}, 
  www_section = {E-Cash / Anonymous Credentials}, 
}

@misc{bitcoinVideo,
  key       = {CNN},
  title     = "{CNN: Bitcoin's uncertain future as currency}",
  note      = "{Available from: \url{http://www.youtube.com/watch?v=75VaRGdzMM0}}",
year= 2011
}

@misc{bitcoinATM,
	note = "Bitcoin ATM, Available from \url{http://bitcoinatm.com/}"
	}

@misc{statement1,
  key       = {BitcoinMyths},
  title     = "{Myths - Bitcoin}",
  note      = "{Available from: \url{https://en.bitcoin.it/wiki/Myths#Point_of_sale_with_bitcoins_isn.27t_possible_because_of_the_10_minute_wait_for_confirmation}}",
year= 2013
}

@misc{statement,
  key       = {BitcoinFAQ},
  title     = "{FAQ - Bitcoin}",
  note      = "{Available from: \url{https://en.bitcoin.it/wiki/FAQ}}",
year= 2013
}




@inproceedings{puzzles,
 author = {Chen, Liqun and Morrissey, Paul and Smart, Nigel P. and Warinschi, Bogdan},
 title = {Security Notions and Generic Constructions for Client Puzzles},
 booktitle = {Proceedings of the 15th International Conference on the Theory and Application of Cryptology and Information Security: Advances in Cryptology},
 year = {2009},
 url = \url{http://dx.doi.org/10.1007/978-3-642-10366-7_30}
} 

@inproceedings{DSCP02,
title={Towards Measuring Anonymity},
author = {Claudia D\'{\i}az and  Stefaan Seys and Joris Claessens and Bart Preneel},
booktitle = { Proceedings of Designing Privacy Enhancing Technologies},
year = {2002}
}

@inproceedings{DT08,
  author    = {Claudia D\'{\i}az and
               Carmela Troncoso and
               Andrei Serjantov},
  title     = {On the Impact of Social Network Profiling on Anonymity},
  booktitle = {Privacy Enhancing Technologies},
  year      = {2008},
  ee        = \url{http://dx.doi.org/10.1007/978-3-540-70630-4_4}
  }

@inproceedings{BC09,
    author = {Becker, Justin and Chen, Hao},
    booktitle = {Proceedings of W2SP 2009: Web 2.0 Security and Privacy},
    title = {{Measuring Privacy Risk in Online Social Networks}},
    url = \url{http://w2spconf.com/2009/papers/s2p2.pdf},
    year = {2009}
}

@inproceedings{YB02,
 author = {Elovici, Yuval and Shapira, Bracha and Maschiach, Adlai},
 title = {A New Privacy Model for Web Surfing},
 booktitle = {Proceedings of the 5th International Workshop on Next Generation Information Technologies and Systems},
 year = {2002},
 url = \url{http://dl.acm.org/citation.cfm?id=646412.692553}
} 

@inproceedings{GT08,
 author = {Gierlichs, Benedikt and Troncoso, Carmela and Diaz, Claudia and Preneel, Bart and Verbauwhede, Ingrid},
 title = {Revisiting a combinatorial approach toward measuring anonymity},
 booktitle = {Proceedings of the 7th ACM workshop on Privacy in the electronic society},
 year = {2008}
} 

@inproceedings{GenericPuzzles,
 author = {L. Chen and P. Morrissey and N. Smart and B. Warinschi},
 title = "{Security Notions and Generic Constructions for Client Puzzles}",
 booktitle = "{Proceedings of Asiacrypt}",
 year = {2009}
} 


@misc{intro,
  key       = {Bitcoin},
  title     = "{Bitcoin -- Wikipedia}",
  note      = "{Available from: \url{https://en.bitcoin.it/wiki/Introduction}}",
year= 2013
}


@misc{rules,
  key       = {BitcoinRules},
  title     = "{Protocol Rules -- Bitcoin}",
  note      = "{Available from: \url{https://en.bitcoin.it/wiki/Protocol_rules}}",
year= 2012
}

@misc{Finney,
  key       = {Finney},
  title     = "{The Finney Attack}",
  note      = "{Available from: \url{https://en.bitcoin.it/wiki/Weaknesses#The_.22Finney.22_attack}}",
year= 2013
}

@misc{hashing,
  key       = {BitcoinHashing},
  title     = "{Block hashing algorithm -- Bitcoin}",
  note      = "{Available from: \url{https://en.bitcoin.it/wiki/Block_hashing_algorithm}}",
year= 2013
}

@misc{Specification,
  key       = {BitcoinProtocol},
  title     = "{Protocol Specifications -- Bitcoin}",
  note      = "{Available from: \url{https://en.bitcoin.it/wiki/Protocol_specification}}",
year= 2013
}

@misc{Explorer,
  key       = {BitcoinExplorer},
  title     = "{Bitcoin Block Explorer}",
  note      = "{Available from: \url{http://blockexplorer.com/}}",
year= 2013
}

@misc{80000,
  key       = {B8000},
  title     = "{Bitcoin Block 80000}",
  note      = "{Available from: \url{http://blockexplorer.com/b/80000}}",
year= 2010
}


@misc{miningpools,
  key       = {Mining},
  title     = "{Comparison of Mining Pools}",
  note      = "{Available from: \url{https://en.bitcoin.it/wiki/Comparison_of_mining_pools}}",
year= 2013
}

@misc{mininghw,
  key       = {MiningHardware},
  title     = "{Comparison of Mining Hardware}",
  note      = "{Available from: \url{https://en.bitcoin.it/wiki/Mining_hardware_comparison}}",
year= 2013
}

 @misc{difficulty,
  key       = {BitcoinDifficulty},
  title     = "{Difficulty -- Bitcoin}",
  note      = "{Available from: \url{https://en.bitcoin.it/wiki/Difficulty}}",
year= 2013
}



 @misc{connectivity,
  key       = {Connectivity},
  title     = "{Satoshi Client Node Connectivity}",
  note      = "{Available from: \url{https://en.bitcoin.it/wiki/Satoshi_Client_Node_Connectivity}}",
year= 2013
}

 @misc{paypal,
  key       = {Paypal},
  title     = "{Paypal Company}",
  note      = "{Available from: \url{http://www.paypal.com}}",
year= 2002
}


@misc{moneybookers,
note="MoneyBookers, Available from \url{https://www.moneybookers.com/app/}"
}

@misc{POS,
note="Casascius Bitcoin POS system, Available from \url{https://en.bitcoin.it/wiki/Casascius_Bitcoin_POS_system}"
}

@inproceedings{brands95,
  author = {S. Brands},
  title = "{Electronic Cash on the Internet}",
  booktitle = {Proceedings of the Symposium on the Network and Distributed System Security},
  year = {1995}
}

@inproceedings{hugo99,
 author = {H. Krawczyk},
 title = "{Blinding of Credit Card Numbers in the SET Protocol}",
 booktitle = {Proceedings of the International Conference on Financial Cryptography},
 year = {1999}
 }
@inproceedings{epaymsyst99,
    author = {N. Asokan and P. Janson and M. Steiner and M. Waidner},
    title = "{State of the Art in Electronic Payment Systems}",
    journal = {IEEE Computer},
    year = {1999}
}

@inproceedings{bellare00,
    author = {M. Bellare and J. Garay and R. Hauser and H. Krawczyk and M. Steiner and A. Herzberg and G. Tsudik and E. van Herreweghen and M. Waidner},
    title = "{Design, Implementation and Deployment of the iKP Secure Electronic Payment System}",
    journal = {IEEE Journal on Selected Areas in Communications},
    year = {2000}
}

@inproceedings{bcanonymity,
  author = {F. Reid and M. Harrigan},
 title = "{An Analysis of Anonymity in the Bitcoin System}",
  journal = {CoRR},
year = {2011},
  biburl = \url{http://www.bibsonomy.org/bibtex/257d6640d03ae4a5668ef8b32656461eb/dblp}
  }

@inproceedings{CHL05,
 author     = {J. Camenisch and S. Hohenberger and A. Lysyanskaya},
 title      = "{Compact E-Cash}",
 booktitle  = {Proceedings of Advances in Cryptology - EUROCRYPT},
 year       = 2005
}

@manual{hashcash,
  added-at = {2010-04-06T16:41:10.000+0200},
  author = {A. Back},
  biburl = {http://www.bibsonomy.org/bibtex/2e80bb5f5bbb52780ffc0b89179997f96/chesteve},
  title = {Hashcash},
  year = 1997
}



@inproceedings{netbill,
author = {B. Cox and J. D. Tygar and M. Sirbu},
title ="{NetBill Security and Transaction Protocol}",
booktitle = {Proceedings of Usenix Electronic Commerce Workshop}
year={1995}
}

@misc{msent,
note = \url{http://www.millicent.digital.com/}
}

@InProceedings{WWW3,
    author = {S. Goel and J. Hofman and J. Langford and D. M. Pennock and D. M. Reeves},
    title = "{Centmail: Rate Limiting via Certified Micro-Donations}",
    booktitle = {Proceedings of CEAS},
    year = {2009}
}

@inproceedings{bcms,
  author    = {M. Babaioff and S. Dobzinski and S. Oren and A. Zohar},
  title     = "{On Bitcoin and Red Balloons}",
  journal   = {CoRR},
  year      = {2011}
}

@inproceedings{karameWWW11,
 author = {G. Karame and A. Francillon and S. \v{C}apkun},
 title = "{Pay as you Browse: Microcomputations as Micropayments in Web-based Services}",
 booktitle = {Proceedings of WWW},
 year = {2011}
}





@inproceedings{micro1,
author={S. Micali and R. L. Rivest},
title ="{Micropayments Revisited}",
booktitle ={Proceedings of CT-RSA},
year = {2002}
}

@inproceedings{micro2,
  author = {R. Rivest},
  title = "{Peppercoin Micropayments}",
  booktitle = {Proceedings of Financial Cryptography},
  year = {2004}
}

@inproceedings{ppay,
author ={B. Yang and H. Garcia-Molina},
title = "{PPay: micropayments for peer-to-peer systems}",
booktitle = {Proceedings of the ACM Conference on Computer and Communication Security}, 
year = {2003}
}

@inproceedings{CFN90,
 author = {D. Chaum and A. Fiat and M. Naor},
 title = "{Untraceable electronic cash}",
 booktitle = {Proceedings on Advances in Cryptology - CRYPTO},
 year = {1990},
 url = \url{http://dl.acm.org/citation.cfm?id=88314.88969}
} 

@inproceedings{brands95,
  author = {Brands, S.},
  title = "{Electronic Cash on the Internet}",
  booktitle = {Proceedings of the Symposium on the Network and Distributed System Security},
  year = {1995}
}


@inproceedings{accountp2p,
  author    = {M. Belenkiy and
               M. Chase and
               C. Erway and
               J. Jannotti and
               A. K{\"u}p\c{c}{\"u} and
               A. Lysyanskaya and
               E. Rachlin},
  title     = "{Making P2P Accountable without Losing Privacy}",
  booktitle = {Proceedings of WPES},
  year      = {2007}
}

@inproceedings{ecashdspend,
  author = {P. Everaere and I. Simplot-Ryl and I. Traore},
  title = "{Double Spending Protection for E-Cash Based on Risk Management}",
  booktitle = {Proceedings of Information Security Conference},
  year = {2010}
}

@misc{geomshifted, 
key = {ProofWiki},
title = {ProofWiki}, 
note = {\url{http://www.proofwiki.org/wiki/Definition:Shifted_Geometric_Distribution}},
year = {2013}
}

@misc{Jarecki97anefficient,
    author = {S. Jarecki and A. Odlyzko},
    title = "{An Efficient Micropayment System Based on Probabilistic Polling}",
    year = {1997}
}

@inproceedings{par07,
  author = {E. Androulaki and M. Raykova and A. Stavrou
		  and S. M. Bellovin},
  title = "{{PAR}: Payment for Anonymous Routing}",
  year = 2008,
  booktitle = {Proceedings of PETS}
}




@inproceedings{arianalusis,
  title={Properties of the Hubert-Arabie adjusted Rand index},
  author="{Douglas Steinley}",
  journal={Psychol Methods},
  year={2004}
}

@inproceedings{Diaz02,
  title = {Towards measuring anonymity}, 
  author = {C. Diaz and S. Seys and J. Claessens and B. Preneel}, 
  booktitle = {Proceedings of Privacy Enhancing Technologies Workshop (PET 2002)}, 
  year = {2002}, 
  month = {April}, 
  editor = {Roger Dingledine and Paul Syverson}, 
}

@inproceedings{Serj02,
  title = {Towards an Information Theoretic Metric for Anonymity}, 
  author = {A. Serjantov and G. Danezis}, 
  booktitle = {Proceedings of Privacy Enhancing Technologies Workshop (PET 2002)}, 
  year = {2002}, 
  month = {April}, 
  editor = {Roger Dingledine and Paul Syverson}, 
  publisher = {Springer-Verlag, LNCS 2482}, 
  www_important = {1}, 
  www_tags = {selected}, 
  www_ps_url = {http://www.cl.cam.ac.uk/~aas23/papers_aas/set.ps}, 
  www_section = {Traffic analysis}, 
}

@inproceedings{vmeasure,
  author    = "{Andrew Rosenberg and
               Julia Hirschberg}",
  title     = {V-Measure: A Conditional Entropy-Based External Cluster
               Evaluation Measure},
  booktitle = {EMNLP-CoNLL},
  year      = {2007}
}
 
 
 @inproceedings{nmimetric,
 author = {Nguyen Xuan Vinh and Julien Epps and James Bailey},
 year = {2010},
 title = "{Information Theoretic Measures for Clusterings Comparison: Variants, Properties, Normalization and Correction for Chance}",
 journal = {Journal of Machine Learning Research}
 }
 
 @inproceedings{nmiconf,
 author = {Nguyen Xuan Vinh and Julien Epps and James Bailey},
 year ={ 2009},
 title ={Information theoretic measures for clusterings comparison: is a correction for chance necessary?},
 booktitle = {26th Annual International Conference on Machine Learning (ICML)}
 }
 
@misc{RH,
  title = {An Analysis of Anonymity in the Bitcoin System},
  author = {Fergal Reid and Martin Harrigan},
  note = \url{http://arxiv.org/abs/1107.4524v1},
  year = {2011}
}

@misc{bcsun,
	title = {The Rise of Namecoin},
 	author ={The Bitcoin Sun Blog},
	note = \url{http://thebitcoinsun.com/post/2011/06/07/The-Rise-of-Namecoin}
	}

@misc{bitcoin,
  author = "{ Satoshi Nakamoto}",
  title = "{Bitcoin: A Peer-to-Peer Electronic Cash System}",
  year=2008
  }

@misc{business,
	note = "Trade - Bitcoin, Available from \url{https://en.bitcoin.it/wiki/Trade}"
	}

@misc{download,
	note = "Modified Bitcoin clients resilient against double-spending attacks on fast payments , Available from \url{Anonymized Link}"
	}

@misc{market,
	note = "Bitcoin Charts, Available from \url{http://bitcoincharts.com/}"
	}

@misc{bitcoinATM,
	note = "Bitcoin ATM, Available from \url{http://bitcoinatm.com/}"
	}

@misc{bitcoinVideo,
	note = "CNN: Bitcoin's uncertain future as currency, Available from \url{http://www.youtube.com/watch?v=75VaRGdzMM0}"
	}

@misc{statement1,
	note = "Myths - Bitcoin, Available from \url{https://en.bitcoin.it/wiki/Myths#Point_of_sale_with_bitcoins_isn.27t_possible_because_of_the_10_minute_wait_for_confirmation}"
	}

@misc{statement,
	note = "FAQ - Bitcoin, Available from \url{https://en.bitcoin.it/wiki/FAQ}"
	}

@misc{contracts,
	note = "Contracts - Bitcoin, Available from \url{https://en.bitcoin.it/wiki/Contracts}"
	}




@inproceedings{puzzles,
 author = {Chen, Liqun and Morrissey, Paul and Smart, Nigel P. and Warinschi, Bogdan},
 title = {Security Notions and Generic Constructions for Client Puzzles},
 booktitle = {Proceedings of the 15th International Conference on the Theory and Application of Cryptology and Information Security: Advances in Cryptology},
 year = {2009},
 note = \url{http://dx.doi.org/10.1007/978-3-642-10366-7_30}
} 

@inproceedings{DSCP02,
title={Towards Measuring Anonymity},
author = {Claudia D\'{\i}az and  Stefaan Seys and Joris Claessens and Bart Preneel},
booktitle = { Proceedings of Designing Privacy Enhancing Technologies},
year = {2002}
}

@inproceedings{DT08,
  author    = {Claudia D\'{\i}az and
               Carmela Troncoso and
               Andrei Serjantov},
  title     = {On the Impact of Social Network Profiling on Anonymity},
  booktitle = {Privacy Enhancing Technologies},
  year      = {2008},
  note        = \url{http://dx.doi.org/10.1007/978-3-540-70630-4_4}
  }

@inproceedings{BC09,
    author = {Becker, Justin and Chen, Hao},
    booktitle = {Proceedings of W2SP 2009: Web 2.0 Security and Privacy},
    title = {{Measuring Privacy Risk in Online Social Networks}},
    note = {\url{http://w2spconf.com/2009/papers/s2p2.pdf}},
    year = {2009}
}

@inproceedings{YB02,
 author = {Elovici, Yuval and Shapira, Bracha and Maschiach, Adlai},
 title = {A New Privacy Model for Web Surfing},
 booktitle = {Proceedings of the 5th International Workshop on Next Generation Information Technologies and Systems},
 year = {2002},
 nore = {\url{http://dl.acm.org/citation.cfm?id=646412.692553}}
} 

@inproceedings{GT08,
 author = {Gierlichs, Benedikt and Troncoso, Carmela and Diaz, Claudia and Preneel, Bart and Verbauwhede, Ingrid},
 title = {Revisiting a combinatorial approach toward measuring anonymity},
 booktitle = {Proceedings of the 7th ACM workshop on Privacy in the electronic society},
 year = {2008}
} 

@inproceedings{GenericPuzzles,
 author = {L. Chen and P. Morrissey and N. Smart and B. Warinschi},
 title = "{Security Notions and Generic Constructions for Client Puzzles}",
 booktitle = "{Proceedings of Asiacrypt}",
 year = {2009}
} 




  @misc{variant1,
  note = "About proposed double-spend alerts in ``Two Bitcoins at the Price of One'', Available from \url{https://bitcointalk.org/index.php?topic=106026.0}"
  }

  @misc{variant2,
  note = "Watch for double spends of wallet transactions, Available from \url{https://github.com/bitcoin/bitcoin/pull/2596#issuecomment-17458150}"
  }


@misc{moneybookers,
note="MoneyBookers, Available from \url{https://www.moneybookers.com/app/}"
}


@inproceedings{brands95,
  author = {S. Brands},
  title = "{Electronic Cash on the Internet}",
  booktitle = {Proceedings of the Symposium on the Network and Distributed System Security},
  year = {1995}
}

@inproceedings{hugo99,
 author = {H. Krawczyk},
 title = "{Blinding of Credit Card Numbers in the SET Protocol}",
 booktitle = {Proceedings of the International Conference on Financial Cryptography},
 year = {1999}
 }
@inproceedings{epaymsyst99,
    author = {N. Asokan and P. Janson and M. Steiner and M. Waidner},
    title = "{State of the Art in Electronic Payment Systems}",
    journal = {IEEE Computer},
    year = {1999}
}

@inproceedings{bellare00,
    author = {M. Bellare and J. Garay and R. Hauser and H. Krawczyk and M. Steiner and A. Herzberg and G. Tsudik and E. van Herreweghen and M. Waidner},
    title = "{Design, Implementation and Deployment of the iKP Secure Electronic Payment System}",
    journal = {IEEE Journal on Selected Areas in Communications},
    year = {2000}
}

@misc{bcanonymity,
key= {Reid and Harrigan},
 title = "{An Analysis of Anonymity in the Bitcoin System}",
  journal = {CoRR},
year = {2011},
  author = {F. Reid and M. Harrigan},
  note = {\url{http://www.bibsonomy.org/bibtex/257d6640d03ae4a5668ef8b32656461eb/dblp}}
  }

@inproceedings{terminology, 
author={Andreas Pfitzmann and Marit Hansen}, 
title="{Anonymity, Unlinkability, Undetectability, Unobservability, Pseudonymity, and Identity Management: A Consolidated Proposal for Terminology}", 
url={http://dud.inf.tu-dresden.de/literatur/Anon_Terminology_v0.18.pdf}, journal={Fachterminologie Datenschutz und Datensicherheit}, 
year={2008}, 
pages={111--144}}

@inproceedings{diffprivacy,
 author = {C. Dwork},
 title = {Differential privacy: a survey of results},
 booktitle = {Proceedings of the 5th international conference on Theory and applications of models of computation},
 series = {TAMC'08},
 year = {2008},
} 

@inproceedings{locprivacy,
 author = {R. Shokri and G. Theodorakopoulos and J. Le Boudec  and J. P. Hubaux},
 title = {Quantifying Location Privacy},
 booktitle = {Proceedings of the IEEE Symposium on Security and Privacy},
 year = {2011},
 }
 
@inproceedings{CHL05,
 author     = {J. Camenisch and S. Hohenberger and A. Lysyanskaya},
 title      = "{Compact E-Cash}",
 booktitle  = {Proceedings of Advances in Cryptology - EUROCRYPT},
 year       = 2005
}

@manual{hashcash,
  added-at = {2010-04-06T16:41:10.000+0200},
  author = {A. Back},
  biburl = {http://www.bibsonomy.org/bibtex/2e80bb5f5bbb52780ffc0b89179997f96/chesteve},
  title = {Hashcash},
  year = 1997
}



@inproceedings{netbill,
author = {B. Cox and J. D. Tygar and M. Sirbu},
title ="{NetBill Security and Transaction Protocol}",
booktitle = {Proceedings of Usenix Electronic Commerce Workshop},
year={1995}
}

@misc{msent,
note = \url{http://www.millicent.digital.com/}
}

@InProceedings{WWW3,
    author = {S. Goel and J. Hofman and J. Langford and D. M. Pennock and D. M. Reeves},
    title = "{Centmail: Rate Limiting via Certified Micro-Donations}",
    booktitle = {Proceedings of CEAS},
    year = {2009}
}

@inproceedings{bcms,
  author    = {M. Babaioff and S. Dobzinski and S. Oren and A. Zohar},
  title     = "{On Bitcoin and Red Balloons}",
  journal   = {CoRR},
  year      = {2011}
}

@inproceedings{karameWWW11,
 author = {G. Karame and A. Francillon and S. \v{C}apkun},
 title = "{Pay as you Browse: Microcomputations as Micropayments in Web-based Services}",
 booktitle = {Proceedings of the International World Wide Web Conference (WWW)},
 year = {2011}
}


@misc{bclaw,
key={Elias},
authors = {M. Elias},
title = "{Bitcoin: Tempering the Digital Ring of Gyges or Implausible Pecuniary Privacy}",
year = { 2011},
note =  "Available from {\url{http://ssrn.com/abstract=1937769 or doi:10.2139/ssrn.1937769}}"
} 


@misc{bcgateway,
key={Syed and Syed},
note = "{Available from \url{http://arimaa.com/bitcoin/}}",
authors = {O. Syed and A. Syed},
title = "{Bitcoin Gateway, A Peer-to-peer Bitcoin Vault and Payment Network}",
year = {2011}
}

@inproceedings{micro1,
author={S. Micali and R. L. Rivest},
title ="{Micropayments Revisited}",
booktitle ={Proceedings of CT-RSA},
year = {2002}
}

@inproceedings{micro2,
  author = {R. Rivest},
  title = "{Peppercoin Micropayments}",
  booktitle = {Proceedings of Financial Cryptography},
  year = {2004}
}

@inproceedings{ppay,
author ={B. Yang and H. Garcia-Molina},
title = "{PPay: micropayments for peer-to-peer systems}",
booktitle = {Proceedings of the ACM Conference on Computer and Communication Security}, 
year = {2003}
}

@inproceedings{CFN90,
 author = {D. Chaum and A. Fiat and M. Naor},
 title = "{Untraceable electronic cash}",
 booktitle = {Proceedings on Advances in Cryptology - CRYPTO},
 year = {1990},
 note = {\url{http://dl.acm.org/citation.cfm?id=88314.88969}}
} 


@inproceedings{accountp2p,
  author    = {M. Belenkiy and
               M. Chase and
               C. Erway and
               J. Jannotti and
               A. K{\"u}p\c{c}{\"u} and
               A. Lysyanskaya and
               E. Rachlin},
  title     = "{Making P2P Accountable without Losing Privacy}",
  booktitle = {Proceedings of WPES},
  year      = {2007}
}

@inproceedings{ecashdspend,
  author = {P. Everaere and I. Simplot-Ryl and I. Traore},
  title = "{Double Spending Protection for E-Cash Based on Risk Management}",
  booktitle = {Proceedings of Information Security Conference},
  year = {2010}
}

@misc{Jarecki97anefficient,
    author = {S. Jarecki and A. Odlyzko},
    title = "{An Efficient Micropayment System Based on Probabilistic Polling}",
    year = {1997}
}

@inproceedings{par07,
  author = {E. Androulaki and M. Raykova and A. Stavrou
		  and S. M. Bellovin},
  title = "{{PAR}: Payment for Anonymous Routing}",
  year = 2008,
  booktitle = {Proceedings of the 8th Privacy Enhancing Technologies
		  Symposium}
}

@inproceedings{fc1,
  author = {J. Clark and A. Essex},
  title = "{(Short Paper) CommitCoin: Carbon Dating
Commitments with Bitcoin}",
  year = 2012,
  booktitle = {Proceedings of Financial Cryptography and Data Security}
}

@inproceedings{fc2,
  author = {S. Barber and X. Boyen and E. Shi and E. Uzun},
  title = "{Bitter to Better - How to Make Bitcoin a Better Currency}",
  year = 2012,
  booktitle = {Proceedings of Financial Cryptography and Data Security}
}


@inproceedings{our,
  author = {G. Karame and E. Androulaki and S. Capkun},
  title = "{Double-Spending Fast Payments in Bitcoin}",
  year = 2012,
  booktitle = {Proceedings of ACM CCS}
}

@misc{flexcoin,
	note = "Flexcoin --The Bitcoin Bank, Available from \url{http://www.flexcoin.com/}"
  }

@misc{change,
	note = "Bitcoin --- Accounts Explained, Available from \url{https://en.bitcoin.it/wiki/Accounts_explained}"
  }

@misc{fees,
	note = "Transaction Fees - Bitcoin, Available from \url{https://en.bitcoin.it/wiki/Transaction_fees}"
  }

  
  @misc{deepbit,
  key       = {Deepbit},
  title     = "{Deepbit}",
  note      = "{Available from: \url{https://deepbit.net/}}",
year= 2011
} 

  @inproceedings{Zerocoin,
  author    = {Ian Miers and Christina Garman and Matthew Green and Aviel D. Rubin},
  title     = "{Zerocoin: Anonymous Distributed E-Cash from Bitcoin}",
  booktitle   = {Proceedings of the IEEE Symposium on Security and Privacy (Oakland)},
  year      = {2013}
}

@inproceedings{DBLP:conf/acsac/GervaisCKG14,
  author    = {Arthur Gervais and
               Ghassan O. Karame and
               Damian Gruber and
               Srdjan Capkun},
  title     = {On the privacy provisions of Bloom filters in lightweight bitcoin
               clients},
  booktitle = {Proceedings of the 30th Annual Computer Security Applications Conference,
               {ACSAC} 2014, New Orleans, LA, USA, December 8-12, 2014},
  year      = {2014},
  crossref  = {DBLP:conf/acsac/2014},
  url       = {http://doi.acm.org/10.1145/2664243.2664267},
  doi       = {10.1145/2664243.2664267},
  timestamp = {Sat, 06 Dec 2014 14:20:32 +0100},
  biburl    = {http://dblp.uni-trier.de/rec/bib/conf/acsac/GervaisCKG14},
  bibsource = {dblp computer science bibliography, http://dblp.org}
}

@misc{double1,
  key       = {DoubleSpending},
	note = "Observed Double-Spends, Available from \url{http://respends.thinlink.com/}",
	year=2014
  }


@misc{emerging,
	note = "Bitcoin, Monetarists Anonymous, Available from \url{http://www.economist.com/node/21563752?fsrc=scn/tw/te/pe/monetaristsanonymous}"
}


@misc{double,
  key       = {BitcoinWiki},
	note = "Bitcoin, Double-Spending, Available from \url{https://en.bitcoin.it/wiki/Double-spending}",
	year=2014
  }

@inproceedings{magazine,
 author = {Gervais, Arthur and Karame, Ghassan and Capkun, Srdjan and Capkun, Vedran},
 title = {Is Bitcoin a Decentralized Currency?},
 booktitle = {IEEE Security and Privacy},
 year = {2014}
}


@inproceedings{bitcoinsnack,
  author = {T. Bamert and C.Decker and L. Elsen and R. Wattenhofer and S. Welten},
  title = "{Have a Snack, Pay with Bitcoins}",
  booktitle = {13-th IEEE International Conference on Peer-to-Peer Computing},
    year=2013
}

@inproceedings{bitcoininfopropagation,
  author = {C. Decker and R. Wattenhofer},
  title = "{Information Propagation in the Bitcoin Network}",
  booktitle = {13-th IEEE International Conference on Peer-to-Peer Computing},
    year=2013
}



  @misc{parser,
  key       = {Znort987},
  title     = "{znort987 Bitcoin Blockchain parser}",
  note      = "{Available from: \url{https://github.com/znort987/blockparser}}",
year= 2013
} 


@inproceedings{watanabe2009privacy,
  title={Privacy-preserving queries for a DAS model using encrypted Bloom filter},
  author={Watanabe, Chiemi and Arai, Yuko},
  booktitle={Database systems for advanced applications},
  pages={491--495},
  year={2009},
  organization={Springer}
}

@article{bellovin2007privacy,
  title={Privacy-enhanced searches using encrypted bloom filters},
  author={Bellovin, Steven Michael and Cheswick, William R},
  year={2007},
  publisher={Department of Computer Science, Columbia University}
}


@article{schnell2009privacy,
  title={Privacy-preserving record linkage using Bloom filters},
  author={Schnell, Rainer and Bachteler, Tobias and Reiher, J{\"o}rg},
  journal={BMC Medical Informatics and Decision Making},
  volume={9},
  number={1},
  pages={41},
  year={2009},
  publisher={BioMed Central Ltd}
}


@article{fan2000summary,
  title={Summary cache: a scalable wide-area web cache sharing protocol},
  author={Fan, Li and Cao, Pei and Almeida, Jussara and Broder, Andrei Z},
  journal={IEEE/ACM Transactions on Networking (TON)},
  volume={8},
  number={3},
  pages={281--293},
  year={2000},
  publisher={IEEE Press}
}


@article{bose2008false,
  title={On the false-positive rate of Bloom filters},
  author={Bose, Prosenjit and Guo, Hua and Kranakis, Evangelos and Maheshwari, Anil and Morin, Pat and Morrison, Jason and Smid, Michiel and Tang, Yihui},
  journal={Information Processing Letters},
  volume={108},
  number={4},
  pages={210--213},
  year={2008},
  publisher={Elsevier}
}


@article{gervaisbitcoin,
  title={Is Bitcoin a Decentralized Currency?},
  journal={IEEE Security and Privacy Magazine, 2014},
  author={Gervais, Arthur and Karame, Ghassan and Capkun, Srdjan and Capkun, Vedran}
  volume={May/June issue 2014},
  year={2014}
}


@article{mullin1983second,
  title={A second look at Bloom filters},
  author={Mullin, James K},
  journal={Communications of the ACM},
  volume={26},
  number={8},
  pages={570--571},
  year={1983},
  publisher={ACM}
}


@article{christensen2010new,
  title={A new analysis of the false positive rate of a Bloom filter},
  author={Christensen, Ken and Roginsky, Allen and Jimeno, Miguel},
  journal={Information Processing Letters},
  volume={110},
  number={21},
  pages={944--949},
  year={2010},
  publisher={Elsevier}
}


@article{broder2004network,
  title={Network applications of bloom filters: A survey},
  author={Broder, Andrei and Mitzenmacher, Michael},
  journal={Internet mathematics},
  volume={1},
  number={4},
  pages={485--509},
  year={2004},
  publisher={Taylor \& Francis}
}


@article{bloom1970space,
  title={Space/time trade-offs in hash coding with allowable errors},
  author={Bloom, Burton H},
  journal={Communications of the ACM},
  volume={13},
  number={7},
  pages={422--426},
  year={1970},
  publisher={ACM}
}


@misc{bip37,
  title = {Connection Bloom filtering},
  author = {Mike Hearn},
  note = "{Available from: \url{https://github.com/bitcoin/bips/blob/master/bip-0037.mediawiki}}",
  year = {2012}
}


@misc{RH,
  title = {An Analysis of Anonymity in the Bitcoin System},
  author = {Fergal Reid and Martin Harrigan},
  url = \url{http://arxiv.org/abs/1107.4524v1},
  year = {2011}
}

@misc{bcsun,
	title = {The Rise of Namecoin},
 	author ={The Bitcoin Sun Blog},
	url = \url{http://thebitcoinsun.com/post/2011/06/07/The-Rise-of-Namecoin}
	}

@misc{bitcoin,
  author = "{S. Nakamoto}",
  title = "{Bitcoin: A Peer-to-Peer Electronic Cash System}",
year={2009}
  }

@misc{business,
  title     = "{Trade - Bitcoin}",
  note      = "{Available from: \url{https://en.bitcoin.it/wiki/Trade}}",
year= 2013
}

@misc{dos,
  title     = "{Weaknesses - Bitcoin}",
  note      = "{Available from: \url{https://en.bitcoin.it/wiki/Weaknesses}}",
year= 2013
}

@inproceedings{Adi,
    author = {Dorit Ron and Adi Shamir},
    title = {Quantitative Analysis of the Full Bitcoin Transaction Graph},
    howpublished = {Financial Crypto 2013},
    year = {2013},
    note = {\url{http://eprint.iacr.org/2012/584.pdf}},
}

@inproceedings{Meiklejohn:2013:FBC:2504730.2504747,
 author = {Meiklejohn et al.},
 title = {A Fistful of Bitcoins: Characterizing Payments Among Men with No Names},
 booktitle = {Proceedings of the 2013 Conference on Internet Measurement Conference},
 series = {IMC '13},
 year = {2013},
 isbn = {978-1-4503-1953-9},
 location = {Barcelona, Spain},
 pages = {127--140},
 numpages = {14},
 url = {http://doi.acm.org/10.1145/2504730.2504747},
 doi = {10.1145/2504730.2504747},
 acmid = {2504747},
 publisher = {ACM},
 address = {New York, NY, USA},
 keywords = {anonymity, bitcoin, measurement},
} 

@inproceedings{Karame:2012:DFP:2382196.2382292,
 author = {Karame, Ghassan O. and Androulaki, Elli and Capkun, Srdjan},
 title = {Double-spending fast payments in bitcoin},
 booktitle = {Proceedings of the 2012 ACM conference on Computer and communications security},
 series = {CCS '12},
 year = {2012},
 isbn = {978-1-4503-1651-4},
 location = {Raleigh, North Carolina, USA},
 numpages = {12},
 url = {http://doi.acm.org/10.1145/2382196.2382292},
 doi = {10.1145/2382196.2382292},
 acmid = {2382292},
 publisher = {ACM},
 address = {New York, NY, USA},
 keywords = {bitcoin, countermeasures, double-spending, fast payments},
} 
	
 @article{kunlink,
 title = "k-Unlinkability: A privacy protection model for distributed data",
 journal = "Data \& Knowledge Engineering ",
 year = "2008",
 note = "Fourth International Conference on Business Process Management (BPM 2006)",
author = "Bradley Malin",
}

@incollection{unlinkcontx,
title={Attacking Unlinkability: The Importance of Context},
author={Franz, Matthias and Meyer, Bernd and Pashalidis, Andreas},
booktitle={Privacy Enhancing Technologies},
editor={Borisov, Nikita and Golle, Philippe},
year={2007}
}

@incollection{modelunl,
year={2003},
booktitle={Privacy Enhancing Technologies},
editor={Dingledine, Roger},
title={Modelling Unlinkability},
author={Steinbrecher, Sandra and K�psell, Stefan},
}
@inproceedings{measuringanon,
  title = {Towards measuring anonymity},
  author = {Claudia Diaz and Stefaan Seys and Joris Claessens and Bart Preneel},
  booktitle = {Proceedings of Privacy Enhancing Technologies Workshop (PET 2002)},
  year = {2002}
 }


@misc{iso,
title = {ISO IS 15408},
year = {1999},
note = {\url{http://www.commoncriteria.org/}}
}

@inproceedings{fc14ipanon,
    author = {Philip Koshy and Diana Koshy and Patrick McDaniel},
    title = {An Analysis of Anonymity in Bitcoin Using P2P Network Traffic},
    howpublished = {Financial Crypto 2014},
    year = {2014},
    note = {\url{http://fc14.ifca.ai/papers/fc14_submission_71.pdf}},
}
	
@inproceedings{bitcoinprivacy,
    author = {Elli Androulaki and Ghassan Karame and Srdjan Capkun},
    title = {Evaluating User Privacy in Bitcoin},
    howpublished = {Financial Crypto 2013},
    year = {2013},
    note = {\url{http://eprint.iacr.org/2012/596.pdf}},
}
@misc{download,
	note = "Double Spending Fast Payments in Bitcoin , Available from \url{http://www.syssec.ethz.ch/research/Bitcoin}"
	}

@misc{ market,
  title     = "{Bitcoin Charts}",
  note      = "{Available from: \url{http://bitcoincharts.com/}}",
year= 2013
}


@misc{bitcoinVideo,
  title     = "{CNN: Bitcoin's uncertain future as currency}",
  note      = "{Available from: \url{http://www.youtube.com/watch?v=75VaRGdzMM0}}",
year= 2011
}

@misc{bitcoinATM,
	note = "Bitcoin ATM, Available from \url{http://bitcoinatm.com/}"
	}

@misc{statement1,
  title     = "{Myths - Bitcoin}",
  note      = "{Available from: \url{https://en.bitcoin.it/wiki/Myths#Point_of_sale_with_bitcoins_isn.27t_possible_because_of_the_10_minute_wait_for_confirmation}}",
year= 2013
}

@misc{statement,
  title     = "{FAQ - Bitcoin}",
  note      = "{Available from: \url{https://en.bitcoin.it/wiki/FAQ}}",
year= 2013
}




@inproceedings{puzzles,
 author = {Chen, Liqun and Morrissey, Paul and Smart, Nigel P. and Warinschi, Bogdan},
 title = {Security Notions and Generic Constructions for Client Puzzles},
 booktitle = {Proceedings of the 15th International Conference on the Theory and Application of Cryptology and Information Security: Advances in Cryptology},
 year = {2009},
 url = \url{http://dx.doi.org/10.1007/978-3-642-10366-7_30}
} 

@inproceedings{DSCP02,
title={Towards Measuring Anonymity},
author = {Claudia D\'{\i}az and  Stefaan Seys and Joris Claessens and Bart Preneel},
booktitle = { Proceedings of Designing Privacy Enhancing Technologies},
year = {2002}
}

@inproceedings{DT08,
  author    = {Claudia D\'{\i}az and
               Carmela Troncoso and
               Andrei Serjantov},
  title     = {On the Impact of Social Network Profiling on Anonymity},
  booktitle = {Privacy Enhancing Technologies},
  year      = {2008},
  ee        = \url{http://dx.doi.org/10.1007/978-3-540-70630-4_4}
  }

@inproceedings{BC09,
    author = {Becker, Justin and Chen, Hao},
    booktitle = {Proceedings of W2SP 2009: Web 2.0 Security and Privacy},
    title = {{Measuring Privacy Risk in Online Social Networks}},
    url = \url{http://w2spconf.com/2009/papers/s2p2.pdf},
    year = {2009}
}

@inproceedings{YB02,
 author = {Elovici, Yuval and Shapira, Bracha and Maschiach, Adlai},
 title = {A New Privacy Model for Web Surfing},
 booktitle = {Proceedings of the 5th International Workshop on Next Generation Information Technologies and Systems},
 year = {2002},
 url = \url{http://dl.acm.org/citation.cfm?id=646412.692553}
} 

@inproceedings{GT08,
 author = {Gierlichs, Benedikt and Troncoso, Carmela and Diaz, Claudia and Preneel, Bart and Verbauwhede, Ingrid},
 title = {Revisiting a combinatorial approach toward measuring anonymity},
 booktitle = {Proceedings of the 7th ACM workshop on Privacy in the electronic society},
 year = {2008}
} 

@inproceedings{GenericPuzzles,
 author = {L. Chen and P. Morrissey and N. Smart and B. Warinschi},
 title = "{Security Notions and Generic Constructions for Client Puzzles}",
 booktitle = "{Proceedings of Asiacrypt}",
 year = {2009}
} 


@misc{intro,
  title     = "{Bitcoin -- Wikipedia}",
  note      = "{Available from: \url{https://en.bitcoin.it/wiki/Introduction}}",
year= 2013
}


@misc{rules,
  title     = "{Protocol Rules -- Bitcoin}",
  note      = "{Available from: \url{https://en.bitcoin.it/wiki/Protocol_rules}}",
year= 2012
}

@misc{Finney,
  title     = "{The Finney Attack}",
  note      = "{Available from: \url{https://en.bitcoin.it/wiki/Weaknesses#The_.22Finney.22_attack}}",
year= 2013
}

@misc{hashing,
  title     = "{Block hashing algorithm -- Bitcoin}",
  note      = "{Available from: \url{https://en.bitcoin.it/wiki/Block_hashing_algorithm}}",
year= 2013
}

@misc{Specification,
  title     = "{Protocol Specifications -- Bitcoin}",
  note      = "{Available from: \url{https://en.bitcoin.it/wiki/Protocol_specification}}",
year= 2013
}

@misc{Explorer,
  title     = "{Bitcoin Block Explorer}",
  note      = "{Available from: \url{http://blockexplorer.com/}}",
year= 2013
}

@misc{80000,
  title     = "{Bitcoin Block 80000}",
  note      = "{Available from: \url{http://blockexplorer.com/b/80000}}",
year= 2010
}


@misc{miningpools,
  title     = "{Comparison of Mining Pools}",
  note      = "{Available from: \url{https://en.bitcoin.it/wiki/Comparison_of_mining_pools}}",
year= 2013
}

@misc{mininghw,
  title     = "{Comparison of Mining Hardware}",
  note      = "{Available from: \url{https://en.bitcoin.it/wiki/Mining_hardware_comparison}}",
year= 2013
}

 @misc{difficulty,
  title     = "{Difficulty -- Bitcoin}",
  note      = "{Available from: \url{https://en.bitcoin.it/wiki/Difficulty}}",
year= 2013
}


 @misc{connectivity,
  title     = "{Satoshi Client Node Connectivity}",
  note      = "{Available from: \url{https://en.bitcoin.it/wiki/Satoshi_Client_Node_Connectivity}}",
year= 2013
}

 @misc{paypal,
  title     = "{Paypal Company}",
  note      = "{Available from: \url{http://www.paypal.com}}",
year= 2002
}


@misc{moneybookers,
note="MoneyBookers, Available from \url{https://www.moneybookers.com/app/}"
}

@misc{POS,
note="Casascius Bitcoin POS system, Available from \url{https://en.bitcoin.it/wiki/Casascius_Bitcoin_POS_system}"
}

@inproceedings{brands95,
  author = {S. Brands},
  title = "{Electronic Cash on the Internet}",
  booktitle = {Proceedings of the Symposium on the Network and Distributed System Security},
  year = {1995}
}

@inproceedings{hugo99,
 author = {H. Krawczyk},
 title = "{Blinding of Credit Card Numbers in the SET Protocol}",
 booktitle = {Proceedings of the International Conference on Financial Cryptography},
 year = {1999}
 }
@article{epaymsyst99,
    author = {N. Asokan and P. Janson and M. Steiner and M. Waidner},
    title = "{State of the Art in Electronic Payment Systems}",
    journal = {IEEE Computer},
    year = {1999}
}

@article{bellare00,
    author = {M. Bellare and J. Garay and R. Hauser and H. Krawczyk and M. Steiner and A. Herzberg and G. Tsudik and E. van Herreweghen and M. Waidner},
    title = "{Design, Implementation and Deployment of the iKP Secure Electronic Payment System}",
    journal = {IEEE Journal on Selected Areas in Communications},
    year = {2000}
}

@article{bcanonymity,
  author = {F. Reid and M. Harrigan},
 title = "{An Analysis of Anonymity in the Bitcoin System}",
  journal = {CoRR},
year = {2011},
  biburl = \url{http://www.bibsonomy.org/bibtex/257d6640d03ae4a5668ef8b32656461eb/dblp}
  }

@inproceedings{CHL05,
 author     = {J. Camenisch and S. Hohenberger and A. Lysyanskaya},
 title      = "{Compact E-Cash}",
 booktitle  = {Proceedings of Advances in Cryptology - EUROCRYPT},
 year       = 2005
}

@manual{hashcash,
  added-at = {2010-04-06T16:41:10.000+0200},
  author = {A. Back},
  biburl = {http://www.bibsonomy.org/bibtex/2e80bb5f5bbb52780ffc0b89179997f96/chesteve},
  title = {Hashcash},
  year = 1997
}



@inproceedings{netbill,
author = {B. Cox and J. D. Tygar and M. Sirbu},
title ="{NetBill Security and Transaction Protocol}",
booktitle = {Proceedings of Usenix Electronic Commerce Workshop}
year={1995}
}

@misc{msent,
note = \url{http://www.millicent.digital.com/}
}

@InProceedings{WWW3,
    author = {S. Goel and J. Hofman and J. Langford and D. M. Pennock and D. M. Reeves},
    title = "{Centmail: Rate Limiting via Certified Micro-Donations}",
    booktitle = {Proceedings of CEAS},
    year = {2009}
}

@article{bcms,
  author    = {M. Babaioff and S. Dobzinski and S. Oren and A. Zohar},
  title     = "{On Bitcoin and Red Balloons}",
  journal   = {CoRR},
  year      = {2011}
}

@inproceedings{karameWWW11,
 author = {G. Karame and A. Francillon and S. \v{C}apkun},
 title = "{Pay as you Browse: Microcomputations as Micropayments in Web-based Services}",
 booktitle = {Proceedings of WWW},
 year = {2011}
}





@inproceedings{micro1,
author={S. Micali and R. L. Rivest},
title ="{Micropayments Revisited}",
booktitle ={Proceedings of CT-RSA},
year = {2002}
}

@inproceedings{micro2,
  author = {R. Rivest},
  title = "{Peppercoin Micropayments}",
  booktitle = {Proceedings of Financial Cryptography},
  year = {2004}
}

@inproceedings{ppay,
author ={B. Yang and H. Garcia-Molina},
title = "{PPay: micropayments for peer-to-peer systems}",
booktitle = {Proceedings of the ACM Conference on Computer and Communication Security}, 
year = {2003}
}

@inproceedings{CFN90,
 author = {D. Chaum and A. Fiat and M. Naor},
 title = "{Untraceable electronic cash}",
 booktitle = {Proceedings on Advances in Cryptology - CRYPTO},
 year = {1990},
 url = \url{http://dl.acm.org/citation.cfm?id=88314.88969}
} 

@inproceedings{brands95,
  author = {Brands, S.},
  title = "{Electronic Cash on the Internet}",
  booktitle = {Proceedings of the Symposium on the Network and Distributed System Security},
  year = {1995}
}


@inproceedings{accountp2p,
  author    = {M. Belenkiy and
               M. Chase and
               C. Erway and
               J. Jannotti and
               A. K{\"u}p\c{c}{\"u} and
               A. Lysyanskaya and
               E. Rachlin},
  title     = "{Making P2P Accountable without Losing Privacy}",
  booktitle = {Proceedings of WPES},
  year      = {2007}
}

@inproceedings{ecashdspend,
  author = {P. Everaere and I. Simplot-Ryl and I. Traore},
  title = "{Double Spending Protection for E-Cash Based on Risk Management}",
  booktitle = {Proceedings of Information Security Conference},
  year = {2010}
}

@misc{geomshifted, 
title = {ProofWiki}, 
note = {\url{http://www.proofwiki.org/wiki/Definition:Shifted_Geometric_Distribution}},
year = {2013}
}

@misc{Jarecki97anefficient,
    author = {S. Jarecki and A. Odlyzko},
    title = "{An Efficient Micropayment System Based on Probabilistic Polling}",
    year = {1997}
}

@inproceedings{par07,
  author = {E. Androulaki and M. Raykova and A. Stavrou
		  and S. M. Bellovin},
  title = "{{PAR}: Payment for Anonymous Routing}",
  year = 2008,
  booktitle = {Proceedings of PETS}
}




@article{arianalusis,
  title={Properties of the Hubert-Arabie adjusted Rand index},
  author="{Douglas Steinley}",
  journal={Psychol Methods},
  year={2004}
}

@inproceedings{Diaz02,
  title = {Towards measuring anonymity}, 
  author = {C. Diaz and S. Seys and J. Claessens and B. Preneel}, 
  booktitle = {Proceedings of Privacy Enhancing Technologies Workshop (PET 2002)}, 
  year = {2002}, 
  month = {April}, 
  editor = {Roger Dingledine and Paul Syverson}, 
}

@inproceedings{Serj02,
  title = {Towards an Information Theoretic Metric for Anonymity}, 
  author = {A. Serjantov and G. Danezis}, 
  booktitle = {Proceedings of Privacy Enhancing Technologies Workshop (PET 2002)}, 
  year = {2002}, 
  month = {April}, 
  editor = {Roger Dingledine and Paul Syverson}, 
  publisher = {Springer-Verlag, LNCS 2482}, 
  www_important = {1}, 
  www_tags = {selected}, 
  www_ps_url = {http://www.cl.cam.ac.uk/~aas23/papers_aas/set.ps}, 
  www_section = {Traffic analysis}, 
}

@inproceedings{vmeasure,
  author    = "{Andrew Rosenberg and
               Julia Hirschberg}",
  title     = {V-Measure: A Conditional Entropy-Based External Cluster
               Evaluation Measure},
  booktitle = {EMNLP-CoNLL},
  year      = {2007}
}
 
 
 @article{nmimetric,
 author = {Nguyen Xuan Vinh and Julien Epps and James Bailey},
 year = {2010},
 title = "{Information Theoretic Measures for Clusterings Comparison: Variants, Properties, Normalization and Correction for Chance}",
 journal = {Journal of Machine Learning Research}
 }
 
 @inproceedings{nmiconf,
 author = {Nguyen Xuan Vinh and Julien Epps and James Bailey},
 year ={ 2009},
 title ={Information theoretic measures for clusterings comparison: is a correction for chance necessary?},
 booktitle = {26th Annual International Conference on Machine Learning (ICML)}
 }
 
@misc{RH,
  title = {An Analysis of Anonymity in the Bitcoin System},
  author = {Fergal Reid and Martin Harrigan},
  note = \url{http://arxiv.org/abs/1107.4524v1},
  year = {2011}
}

@misc{bcsun,
	title = {The Rise of Namecoin},
 	author ={The Bitcoin Sun Blog},
	note = \url{http://thebitcoinsun.com/post/2011/06/07/The-Rise-of-Namecoin}
	}

@misc{bitcoin,
  author = "{ Satoshi Nakamoto}",
  title = "{Bitcoin: A Peer-to-Peer Electronic Cash System}",
  year=2008
  }

@misc{business,
	note = "Trade - Bitcoin, Available from \url{https://en.bitcoin.it/wiki/Trade}"
	}

@misc{download,
	note = "Modified Bitcoin clients resilient against double-spending attacks on fast payments , Available from \url{Anonymized Link}"
	}

@misc{market,
	note = "Bitcoin Charts, Available from \url{http://bitcoincharts.com/}"
	}

@misc{bitcoinATM,
	note = "Bitcoin ATM, Available from \url{http://bitcoinatm.com/}"
	}

@misc{bitcoinVideo,
	note = "CNN: Bitcoin's uncertain future as currency, Available from \url{http://www.youtube.com/watch?v=75VaRGdzMM0}"
	}

@misc{statement1,
	note = "Myths - Bitcoin, Available from \url{https://en.bitcoin.it/wiki/Myths#Point_of_sale_with_bitcoins_isn.27t_possible_because_of_the_10_minute_wait_for_confirmation}"
	}

@misc{statement,
	note = "FAQ - Bitcoin, Available from \url{https://en.bitcoin.it/wiki/FAQ}"
	}

@misc{contracts,
	note = "Contracts - Bitcoin, Available from \url{https://en.bitcoin.it/wiki/Contracts}"
	}




@inproceedings{puzzles,
 author = {Chen, Liqun and Morrissey, Paul and Smart, Nigel P. and Warinschi, Bogdan},
 title = {Security Notions and Generic Constructions for Client Puzzles},
 booktitle = {Proceedings of the 15th International Conference on the Theory and Application of Cryptology and Information Security: Advances in Cryptology},
 year = {2009},
 note = \url{http://dx.doi.org/10.1007/978-3-642-10366-7_30}
} 

@inproceedings{DSCP02,
title={Towards Measuring Anonymity},
author = {Claudia D\'{\i}az and  Stefaan Seys and Joris Claessens and Bart Preneel},
booktitle = { Proceedings of Designing Privacy Enhancing Technologies},
year = {2002}
}

@inproceedings{DT08,
  author    = {Claudia D\'{\i}az and
               Carmela Troncoso and
               Andrei Serjantov},
  title     = {On the Impact of Social Network Profiling on Anonymity},
  booktitle = {Privacy Enhancing Technologies},
  year      = {2008},
  note        = \url{http://dx.doi.org/10.1007/978-3-540-70630-4_4}
  }

@inproceedings{BC09,
    author = {Becker, Justin and Chen, Hao},
    booktitle = {Proceedings of W2SP 2009: Web 2.0 Security and Privacy},
    title = {{Measuring Privacy Risk in Online Social Networks}},
    note = {\url{http://w2spconf.com/2009/papers/s2p2.pdf}},
    year = {2009}
}

@inproceedings{YB02,
 author = {Elovici, Yuval and Shapira, Bracha and Maschiach, Adlai},
 title = {A New Privacy Model for Web Surfing},
 booktitle = {Proceedings of the 5th International Workshop on Next Generation Information Technologies and Systems},
 year = {2002},
 nore = {\url{http://dl.acm.org/citation.cfm?id=646412.692553}}
} 

@inproceedings{GT08,
 author = {Gierlichs, Benedikt and Troncoso, Carmela and Diaz, Claudia and Preneel, Bart and Verbauwhede, Ingrid},
 title = {Revisiting a combinatorial approach toward measuring anonymity},
 booktitle = {Proceedings of the 7th ACM workshop on Privacy in the electronic society},
 year = {2008}
} 

@inproceedings{GenericPuzzles,
 author = {L. Chen and P. Morrissey and N. Smart and B. Warinschi},
 title = "{Security Notions and Generic Constructions for Client Puzzles}",
 booktitle = "{Proceedings of Asiacrypt}",
 year = {2009}
} 




  @misc{variant1,
  note = "About proposed double-spend alerts in ``Two Bitcoins at the Price of One'', Available from \url{https://bitcointalk.org/index.php?topic=106026.0}"
  }

  @misc{variant2,
  note = "Watch for double spends of wallet transactions, Available from \url{https://github.com/bitcoin/bitcoin/pull/2596#issuecomment-17458150}"
  }


@misc{moneybookers,
note="MoneyBookers, Available from \url{https://www.moneybookers.com/app/}"
}


@inproceedings{brands95,
  author = {S. Brands},
  title = "{Electronic Cash on the Internet}",
  booktitle = {Proceedings of the Symposium on the Network and Distributed System Security},
  year = {1995}
}

@inproceedings{hugo99,
 author = {H. Krawczyk},
 title = "{Blinding of Credit Card Numbers in the SET Protocol}",
 booktitle = {Proceedings of the International Conference on Financial Cryptography},
 year = {1999}
 }
@article{epaymsyst99,
    author = {N. Asokan and P. Janson and M. Steiner and M. Waidner},
    title = "{State of the Art in Electronic Payment Systems}",
    journal = {IEEE Computer},
    year = {1999}
}

@article{bellare00,
    author = {M. Bellare and J. Garay and R. Hauser and H. Krawczyk and M. Steiner and A. Herzberg and G. Tsudik and E. van Herreweghen and M. Waidner},
    title = "{Design, Implementation and Deployment of the iKP Secure Electronic Payment System}",
    journal = {IEEE Journal on Selected Areas in Communications},
    year = {2000}
}

@misc{bcanonymity,
 title = "{An Analysis of Anonymity in the Bitcoin System}",
  journal = {CoRR},
year = {2011},
  author = {F. Reid and M. Harrigan},
  note = {\url{http://www.bibsonomy.org/bibtex/257d6640d03ae4a5668ef8b32656461eb/dblp}}
  }

@article{terminology, 
author={Andreas Pfitzmann and Marit Hansen}, 
title="{Anonymity, Unlinkability, Undetectability, Unobservability, Pseudonymity, and Identity Management: A Consolidated Proposal for Terminology}", 
url={http://dud.inf.tu-dresden.de/literatur/Anon_Terminology_v0.18.pdf}, journal={Fachterminologie Datenschutz und Datensicherheit}, 
year={2008}, 
pages={111--144}}

@inproceedings{diffprivacy,
 author = {C. Dwork},
 title = {Differential privacy: a survey of results},
 booktitle = {Proceedings of the 5th international conference on Theory and applications of models of computation},
 series = {TAMC'08},
 year = {2008},
} 

@inproceedings{locprivacy,
 author = {R. Shokri and G. Theodorakopoulos and J. Le Boudec  and J. P. Hubaux},
 title = {Quantifying Location Privacy},
 booktitle = {Proceedings of the IEEE Symposium on Security and Privacy},
 year = {2011},
 }
 
@inproceedings{CHL05,
 author     = {J. Camenisch and S. Hohenberger and A. Lysyanskaya},
 title      = "{Compact E-Cash}",
 booktitle  = {Proceedings of Advances in Cryptology - EUROCRYPT},
 year       = 2005
}

@manual{hashcash,
  added-at = {2010-04-06T16:41:10.000+0200},
  author = {A. Back},
  biburl = {http://www.bibsonomy.org/bibtex/2e80bb5f5bbb52780ffc0b89179997f96/chesteve},
  title = {Hashcash},
  year = 1997
}



@inproceedings{netbill,
author = {B. Cox and J. D. Tygar and M. Sirbu},
title ="{NetBill Security and Transaction Protocol}",
booktitle = {Proceedings of Usenix Electronic Commerce Workshop},
year={1995}
}

@misc{msent,
note = \url{http://www.millicent.digital.com/}
}

@InProceedings{WWW3,
    author = {S. Goel and J. Hofman and J. Langford and D. M. Pennock and D. M. Reeves},
    title = "{Centmail: Rate Limiting via Certified Micro-Donations}",
    booktitle = {Proceedings of CEAS},
    year = {2009}
}

@inproceedings{AndroulakiTRUST14,
 author = {Androulaki, Elli and Karame, Ghassan},
 title = {Hiding Transaction Amounts and Balances in Bitcoin},
 booktitle = {Proceedings of TRUST},
 year = {2014}
}


@article{terminology, 
author={Andreas Pfitzmann and Marit Hansen}, 
title="{Anonymity, Unlinkability, Undetectability, Unobservability, Pseudonymity, and Identity Management: A Consolidated Proposal for Terminology}", 
url={http://dud.inf.tu-dresden.de/literatur/Anon_Terminology_v0.18.pdf}, journal={Fachterminologie Datenschutz und Datensicherheit}, 
year={2008}, 
pages={111--144}}


@incollection{unlinkcontx,
title={Attacking Unlinkability: The Importance of Context},
author={Franz, Matthias and Meyer, Bernd and Pashalidis, Andreas},
booktitle={Privacy Enhancing Technologies},
editor={Borisov, Nikita and Golle, Philippe},
year={2007}
}

@article{kunlink,
 title = "k-Unlinkability: A privacy protection model for distributed data",
 journal = "Data \& Knowledge Engineering ",
 year = "2008",
 note = "Fourth International Conference on Business Process Management (BPM 2006)",
author = "Bradley Malin",
}

@incollection{modelunl,
author={Steinbrecher, Sandra and Koepsell, Stefan},
year={2003},
booktitle={Privacy Enhancing Technologies},
editor={Dingledine, Roger},
title={Modelling Unlinkability},
}
@inproceedings{measuringanon,
  title = {Towards measuring anonymity},
  author = {Claudia Diaz and Stefaan Seys and Joris Claessens and Bart Preneel},
  booktitle = {Proceedings of Privacy Enhancing Technologies Workshop (PET 2002)},
  year = {2002}
 }


@article{bcms,
  author    = {M. Babaioff and S. Dobzinski and S. Oren and A. Zohar},
  title     = "{On Bitcoin and Red Balloons}",
  journal   = {CoRR},
  year      = {2011}
}

@inproceedings{karameWWW11,
 author = {G. Karame and A. Francillon and S. \v{C}apkun},
 title = "{Pay as you Browse: Microcomputations as Micropayments in Web-based Services}",
 booktitle = {Proceedings of the International World Wide Web Conference (WWW)},
 year = {2011}
}


@misc{bclaw,
authors = {M. Elias},
title = "{Bitcoin: Tempering the Digital Ring of Gyges or Implausible Pecuniary Privacy}",
year = { 2011},
note =  "Available from {\url{http://ssrn.com/abstract=1937769 or doi:10.2139/ssrn.1937769}}"
} 


@misc{bcgateway,
note = "{Available from \url{http://arimaa.com/bitcoin/}}",
authors = {O. Syed and A. Syed},
title = "{Bitcoin Gateway, A Peer-to-peer Bitcoin Vault and Payment Network}",
year = {2011}
}

@inproceedings{micro1,
author={S. Micali and R. L. Rivest},
title ="{Micropayments Revisited}",
booktitle ={Proceedings of CT-RSA},
year = {2002}
}

@inproceedings{micro2,
  author = {R. Rivest},
  title = "{Peppercoin Micropayments}",
  booktitle = {Proceedings of Financial Cryptography},
  year = {2004}
}

@inproceedings{ppay,
author ={B. Yang and H. Garcia-Molina},
title = "{PPay: micropayments for peer-to-peer systems}",
booktitle = {Proceedings of the ACM Conference on Computer and Communication Security}, 
year = {2003}
}

@inproceedings{CFN90,
 author = {D. Chaum and A. Fiat and M. Naor},
 title = "{Untraceable electronic cash}",
 booktitle = {Proceedings on Advances in Cryptology - CRYPTO},
 year = {1990},
 note = {\url{http://dl.acm.org/citation.cfm?id=88314.88969}}
} 


@inproceedings{accountp2p,
  author    = {M. Belenkiy and
               M. Chase and
               C. Erway and
               J. Jannotti and
               A. K{\"u}p\c{c}{\"u} and
               A. Lysyanskaya and
               E. Rachlin},
  title     = "{Making P2P Accountable without Losing Privacy}",
  booktitle = {Proceedings of WPES},
  year      = {2007}
}

@inproceedings{ecashdspend,
  author = {P. Everaere and I. Simplot-Ryl and I. Traore},
  title = "{Double Spending Protection for E-Cash Based on Risk Management}",
  booktitle = {Proceedings of Information Security Conference},
  year = {2010}
}

@misc{Jarecki97anefficient,
    author = {S. Jarecki and A. Odlyzko},
    title = "{An Efficient Micropayment System Based on Probabilistic Polling}",
    year = {1997}
}

@inproceedings{par07,
  author = {E. Androulaki and M. Raykova and A. Stavrou
		  and S. M. Bellovin},
  title = "{{PAR}: Payment for Anonymous Routing}",
  year = 2008,
  booktitle = {Proceedings of the 8th Privacy Enhancing Technologies
		  Symposium}
}

@inproceedings{fc1,
  author = {J. Clark and A. Essex},
  title = "{(Short Paper) CommitCoin: Carbon Dating
Commitments with Bitcoin}",
  year = 2012,
  booktitle = {Proceedings of Financial Cryptography and Data Security}
}

@inproceedings{fc2,
  author = {S. Barber and X. Boyen and E. Shi and E. Uzun},
  title = "{Bitter to Better - How to Make Bitcoin a Better Currency}",
  year = 2012,
  booktitle = {Proceedings of Financial Cryptography and Data Security}
}


@inproceedings{our,
  author = {G. Karame and E. Androulaki and S. Capkun},
  title = "{Double-Spending Fast Payments in Bitcoin}",
  year = 2012,
  booktitle = {Proceedings of ACM CCS}
}

@misc{flexcoin,
	note = "Flexcoin --The Bitcoin Bank, Available from \url{http://www.flexcoin.com/}"
  }

@misc{bitcoinj,
	note = "BitcoinJ, Available from \url{http://bitcoinj.github.io/}"
}

@misc{bitcoinj_limitations,
	note = "BitcoinJ limitations, Available from \url{http://bitcoinj.github.io/limitations}"
}

@misc{change,
	note = "Bitcoin --- Accounts Explained, Available from \url{https://en.bitcoin.it/wiki/Accounts_explained}"
}

@misc{fees,
	note = "Transaction Fees - Bitcoin, Available from \url{https://en.bitcoin.it/wiki/Transaction_fees}"
}

@misc{growth,
	note = "Core Development Status Report \# 1 - Bitcoin, Available from \url{https://bitcoinfoundation.org/2012/11/01/core-development-status-report-1/}"
}
 
@misc{deepbit,
  title     = "{Deepbit}",
  note      = "{Available from: \url{https://deepbit.net/}}",
year= 2011
}

@misc{bitcoinwiki,
	note = "Bitcoin Wiki, Available from \url{https://en.bitcoin.it/wiki/}"
}

@article{Zerocoin,
  author    = {Ian Miers and Christina Garman and Matthew Green and Aviel D. Rubin},
  title     = "{Zerocoin: Anonymous Distributed E-Cash from Bitcoin}",
  booktitle   = {Proceedings of the IEEE Symposium on Security and Privacy (Oakland)},
  year      = {2013}
}

@misc{emerging,
	note = "Bitcoin, Monetarists Anonymous, Available from \url{http://www.economist.com/node/21563752?fsrc=scn/tw/te/pe/monetaristsanonymous}"
  }

@misc{integration,
  title     = "{Bitcoin Foundation, Core Development Update \#4}",
  note      = "{Available from: \url{https://bitcoinfoundation.org/blog/?p=204}}",
year= 2013
} 

@misc{double,
	note = "Bitcoin, Double-Spending, Available from \url{https://en.bitcoin.it/wiki/Double-spending}",
	year=2014
  }


@inproceedings{bitcoinsnack,
  author = {T. Bamert and C.Decker and L. Elsen and R. Wattenhofer and S. Welten},
  title = "{Have a Snack, Pay with Bitcoins}",
  booktitle = {13-th IEEE International Conference on Peer-to-Peer Computing},
    year=2013
}

@inproceedings{bitcoininfopropagation,
  author = {C. Decker and R. Wattenhofer},
  title = "{Information Propagation in the Bitcoin Network}",
  booktitle = {13-th IEEE International Conference on Peer-to-Peer Computing},
    year=2013
}


@misc{parser,
  title     = "{Bitcoin Blockchain parser}",
  note      = "{Available from: \url{https://github.com/znort987/blockparser}}",
year= 2013
} 

@misc{bitcoin_wallet_android,
  title     = "{Bitcoin Wallet, Android}",
  note      = "{Available from: \url{https://play.google.com/store/apps/details?id=de.schildbach.wallet}}",
  year = 2014
}

@misc{spv_very_good_privacy,
  title     = "{BitcoinJ, privacy assumptions}",
  note      = "{Available from: \url{https://github.com/bitcoinj/bitcoinj/blob/ee2a91010e5cf66299684160d6a48a108ff2299b/core/src/main/java/com/google/bitcoin/core/PeerGroup.java#L250}}",
  year = 2014
}

@misc{spv_constant,
  title     = "{BitcoinJ, constant justifications}",
  note      = "{Available from: \url{https://github.com/bitcoinj/bitcoinj/blob/268dfe297f2ad1701e92312079d83130502557f2/core/src/main/java/com/google/bitcoin/net/FilterMerger.java#L64}}",
  year = 2014
}

@misc{murmur_hash,
  title     = "{Murmur Hash 3}",
  note      = "{Available from: \url{https://code.google.com/p/smhasher/source/browse/trunk/MurmurHash3.cpp}}",
  year = 2014
}

@article{swamidass2007mathematical,
  title={Mathematical correction for fingerprint similarity measures to improve chemical retrieval},
  author={Swamidass, S Joshua and Baldi, Pierre},
  journal={Journal of chemical information and modeling},
  volume={47},
  number={3},
  pages={952--964},
  year={2007},
  publisher={ACS Publications}
}

@misc{tor,
  title     = "{TOR project}",
  note      = "{Available from: \url{https://www.torproject.org/}}"
}

@inproceedings{bianchi2012better,
  title={Better Than Nothing Privacy with Bloom Filters: To What Extent?},
  author={Bianchi, Giuseppe and Bracciale, Lorenzo and Loreti, Pierpaolo},
  booktitle={Privacy in Statistical Databases},
  pages={348--363},
  year={2012},
  organization={Springer}
}

@article{nojima2009cryptographically,
  title={Cryptographically Secure Bloom-Filters.},
  author={Nojima, Ryo and Kadobayashi, Youki},
  journal={Transactions on Data Privacy},
  volume={2},
  number={2},
  pages={131--139},
  year={2009}
}

@inproceedings{kerschbaum2012outsourced,
  title={Outsourced private set intersection using homomorphic encryption},
  author={Kerschbaum, Florian},
  booktitle={Proceedings of the 7th ACM Symposium on Information, Computer and Communications Security},
  pages={85--86},
  year={2012},
  organization={ACM}
}
